@article{pieters2017,
  title={Meaningful mediation analysis: Plausible causal inference and informative communication},
  author={Pieters, Rik},
  journal={Journal of Consumer Research},
  volume={44},
  number={3},
  pages={692--716},
  year={2017},
  publisher={Oxford University Press}
}

@book{wooldridge2015,
  title={Introductory econometrics: A modern approach},
  author={Wooldridge, Jeffrey M},
  year={2015},
  publisher={Cengage Learning}
}

@article{rousseeuw1984,
  title={Least median of squares regression},
  author={Rousseeuw, Peter J},
  journal={Journal of the American Statistical Association},
  volume={79},
  number={388},
  pages={871--880},
  year={1984},
  publisher={Taylor \& Francis}
}

@article{alfons2021,
  title={A robust bootstrap test for mediation analysis},
  author={Alfons, Andreas and Ates, Nufer and Groenen, Patrick JF},
  journal={Organizational Research Methods}, 
  note = {Accepted for publication.},
  year={2021}
}

@book{hawkins1980identification,
  title={Identification of outliers},
  author={Hawkins, Douglas M},
  year={1980},
  publisher={Springer}
}

@book{maronna2019robust,
  title={Robust statistics: theory and methods (with \textsf{R})},
  author={Maronna, Ricardo A and Martin, R Douglas and Yohai, Victor J and Salibi{\'a}n-Barrera, Mat{\'\i}as},
  year={2019},
  publisher={John Wiley \& Sons}
}
